<record><leader>00000cas a2200000 a 4500</leader><controlfield tag="001">14575105</controlfield><controlfield tag="008">861030d18931895ksuwr ne      0    0eng d</controlfield><datafield ind1=" " ind2=" " tag="010"><subfield code="a">sn 86064042 </subfield></datafield><datafield ind1=" " ind2=" " tag="040"><subfield code="a">KSH</subfield><subfield code="b">eng</subfield><subfield code="c">KSH</subfield><subfield code="d">NPT</subfield><subfield code="d">OCL</subfield><subfield code="d">OCLCQ</subfield></datafield><datafield ind1=" " ind2=" " tag="042"><subfield code="a">msc</subfield></datafield><datafield ind1="0" ind2=" " tag="130"><subfield code="a">Sun (Glasco, Kan. : 1893)</subfield></datafield><datafield ind1="1" ind2="4" tag="245"><subfield code="a">The sun.</subfield></datafield><datafield ind1=" " ind2=" " tag="260"><subfield code="a">Glasco, Kan. :</subfield><subfield code="b">L.E. Frankforther,</subfield><subfield code="c">1893-1895.</subfield></datafield><datafield ind1=" " ind2=" " tag="300"><subfield code="a">3 v. :</subfield><subfield code="b">ill. ;</subfield><subfield code="c">50 cm.</subfield></datafield><datafield ind1=" " ind2=" " tag="310"><subfield code="a">Weekly</subfield></datafield><datafield ind1="0" ind2=" " tag="362"><subfield code="a">Vol. 11, no. 40 (Oct. 6, 1893)-v. 13, no. 1 (Jan. 4, 1895).</subfield></datafield><datafield ind1=" " ind2=" " tag="752"><subfield code="a">United States</subfield><subfield code="b">Kansas</subfield><subfield code="c">Cloud</subfield><subfield code="d">Glasco.</subfield></datafield><datafield ind1="0" ind2="0" tag="780"><subfield code="t">Glasco sun</subfield><subfield code="w">(DLC)sn 83040991</subfield></datafield><datafield ind1="0" ind2="0" tag="785"><subfield code="t">Glasco sun (Glasco, Kan. : 1895)</subfield><subfield code="w">(DLC)sn 86064041</subfield></datafield></record>